@article{
deformableobjecttracking,
Author = {Schulman J. Lee A. Ho J. Abbeel P.},
Title = {Tracking Deformable Objects With Point Clouds},
Journal = {ICRA 2013},
Url = {http://rll.berkeley.edu/tracking/paper.pdf}
},
@article{
convexopt,
Author = {Salzmann M. Hartley R. Fua P.},
Title = {Convex Optimization for Deformable Surface 3-D Tracking},
Journal = {},
Url = {http://cvlab.epfl.ch/files/content/sites/cvlab2/files/publications/publications/2007/SalzmannHF07.pdf}
},
@article{
meshunfolding,
Author = {Takahashi S. Wu H. Saw S. Lin C. Yen H.},
Title = {Optimized Topological Surgery for Unfolding 3D Meshes},
Journal = {Pacific Graphics},
Year = {2011}
},
@misc{
magnetictracking,
Author = {Huang J. Takashima K. Hashi S. Kitamura Y.},
Title = {IM3D: Magnetic Motion Tracking System for Dextrous 3D Interactions},
Journal = {SIGGRAPH 2014},
Url = {http://s2014.siggraph.org/attendees/emerging-technologies/events/im3d-magnetic-motion-tracking-system-dexterous-3d}
},
@misc{trackingwebsite,
Author = {Adobe Systems Incorporated},
Title = {Tracking and stabilizing motion},
Url = {http://helpx.adobe.com/after-effects/using/tracking-stabilizing-motion-cs5.html}
},