@article{
deformableobjecttracking,
Author = {Schulman J. Lee A. Ho J. Abbeel P.},
Title = {Tracking Deformable Objects With Point Clouds},
Journal = {ICRA 2013},
Url = {http://rll.berkeley.edu/tracking/paper.pdf}
},
@article{
ezlocation,
Author = {Krishna Chintalapudi and Anand Padmanabha Iyer and Venkata Padmanabhan},
Title = {Indoor Localization Without the Pain},
Journal = {Mobicom 2012},
Url = {http://research.microsoft.com/pubs/135721/ez-mobicom.pdf}
},
@article{
convexopt,
Author = {Salzmann M. Hartley R. Fua P.},
Title = {Convex Optimization for Deformable Surface 3-D Tracking},
Journal = {},
Url = {http://cvlab.epfl.ch/files/content/sites/cvlab2/files/publications/publications/2007/SalzmannHF07.pdf}
},
@article{
meshunfolding,
Author = {Takahashi S. Wu H. Saw S. Lin C. Yen H.},
Title = {Optimized Topological Surgery for Unfolding 3D Meshes},
Journal = {Pacific Graphics},
Year = {2011}
},
@book{mathText,
Author = {Agoston M.},
Title = {Computer Graphics and Geometric Modeling - Mathematics},
Publisher = {Springer},
Year = {2005},
},
@book{quaternionTextbook,
Author = {Vince J.},
Title = {Quaternions for Computer Graphics},
Publisher = {Springer},
Year = {2011},
Note = {page 120, Section 7.11 - Euler Angles to Quaternion},
},
@article{
qslim,
Author = {Garland M. Heckbert P.},
Title = {Surface Simplification Using Quadric Error Metrics},
Journal = {SIGGRAPH},
Year = {1997}
},
@misc{
jmonkeyrotation,
Author = {Powell M. Slack J.},
Title = {Quaternion (jME API)},
Url = {http://www.jmonkeyengine.org/doc/com/jme/math/Quaternion.html#fromAngles(float, float, float)}
},
@misc{
magnetictracking,
Author = {Huang J. Takashima K. Hashi S. Kitamura Y.},
Title = {IM3D: Magnetic Motion Tracking System for Dextrous 3D Interactions},
Journal = {SIGGRAPH 2014},
Url = {http://s2014.siggraph.org/attendees/emerging-technologies/events/im3d-magnetic-motion-tracking-system-dexterous-3d}
},
@misc{pointcloudlibrary,
Author = {Point Cloud Library},
Title = {What is PCL?},
Url = {http://pointclouds.org/}
},
@misc{meshlab,
Author = {ISTI - CNR},
Title = {MeshLab},
Url = {http://meshlab.sourceforge.net/}
},
@article{emTrackingReview,
author = {Franz A. M. and Haidegger T. and Birkfellner W. and Cleary K. and Peters T. M. and Maier-Hein L.},title = {Electromagnetic Tracking in Medicine&#x2014;A Review of Technology, Validation, and Applications},
   journal = {Medical Imaging, IEEE Transactions on},
   volume = {33},
   number = {8},
   pages = {1702-1725},
   keywords = {biomedical equipment
medical computing
reviews
EM tracking systems
computer-assisted medical interventions
electromagnetic tracking
enabling technology
error compensation
line-of-sight restrictions
medical instruments
patient anatomy
real-time tracking
state-of-the-art approaches
subsurface anatomical structures
Biomedical imaging
Electromagnetics
Generators
Magnetic resonance imaging
Magnetic sensors
Sensor systems
Computer-assisted interventions (CAI)
electromagnetic tracking (EMT)
image-guided therapy (IGT)
intraoperative surgical navigation
magnetic tracking},
   ISSN = {0278-0062},
   DOI = {10.1109/TMI.2014.2321777},
   year = {2014},
   type = {Journal Article}
}